<?xml version="1.0" encoding="UTF-8"?><record xmlns="http://www.loc.gov/MARC21/slim" xmlns:cinclude="http://apache.org/cocoon/include/1.0" xmlns:zs="http://www.loc.gov/zing/srw/">
  <leader>00889cz  a2200169n  4500</leader>
  <controlfield tag="001">n  50070462 </controlfield>
  <controlfield tag="003">DLC</controlfield>
  <controlfield tag="005">20110928074640.0</controlfield>
  <controlfield tag="008">801205n| acannaabn          |a ana      </controlfield>
  <datafield tag="010" ind1=" " ind2=" ">
    <subfield code="a">n  50070462 </subfield>
  </datafield>
  <datafield tag="035" ind1=" " ind2=" ">
    <subfield code="a">(OCoLC)oca00104488</subfield>
  </datafield>
  <datafield tag="040" ind1=" " ind2=" ">
    <subfield code="a">DLC</subfield>
    <subfield code="b">eng</subfield>
    <subfield code="c">DLC</subfield>
    <subfield code="d">OCoLC</subfield>
    <subfield code="d">DS</subfield>
    <subfield code="d">DLC</subfield>
  </datafield>
  <datafield tag="110" ind1="1" ind2=" ">
    <subfield code="a">United States.</subfield>
    <subfield code="b">Agency for International Development.</subfield>
    <subfield code="b">Voluntary Agencies Division</subfield>
  </datafield>
  <datafield tag="410" ind1="1" ind2=" ">
    <subfield code="a">United States.</subfield>
    <subfield code="b">Agency for International Development.</subfield>
    <subfield code="b">Office for Private Overseas Programs.</subfield>
    <subfield code="b">Voluntary Agencies Division</subfield>
  </datafield>
  <datafield tag="510" ind1="1" ind2=" ">
    <subfield code="w">b</subfield>
    <subfield code="a">United States.</subfield>
    <subfield code="b">Agency for International Development.</subfield>
    <subfield code="b">Office of Private and Voluntary Cooperation</subfield>
  </datafield>
  <datafield tag="670" ind1=" " ind2=" ">
    <subfield code="a">Its Voluntary foreign aid program ... 1971-</subfield>
  </datafield>
  <datafield tag="675" ind1=" " ind2=" ">
    <subfield code="a">Voluntary foreign aid programs, 1972: t.p. (Department of State, Agency for International Development, Bureau for Population and Humanitarian Assistance, Office of Private and Voluntary Cooperation)</subfield>
  </datafield>
</record>